%% This BibTeX bibliography file was created using BibDesk.
%% http://bibdesk.sourceforge.net/


%% Created for Stefano Coretta at 2016-02-12 11:29:11 +0000 


%% Saved with string encoding Unicode (UTF-8) 



@book{capra1983,
	Author = {Capra, Fritjof},
	Date-Added = {2016-02-12 11:28:39 +0000},
	Date-Modified = {2016-02-12 11:28:53 +0000},
	Publisher = {Bantam},
	Title = {The turning point: {S}cience, society, and the rising culture},
	Year = {1983}}

@book{dunleavy2003,
	Author = {Dunleavy, Patrick},
	Date-Added = {2016-02-12 11:27:05 +0000},
	Date-Modified = {2016-02-12 11:27:22 +0000},
	Publisher = {Palgrave Macmillan},
	Title = {Authoring a PhD: {H}ow to plan, draft, write and finish a doctoral thesis or dissertation},
	Year = {2003}}

@book{medina2008,
	Author = {Medina, John},
	Date-Added = {2016-02-12 11:23:36 +0000},
	Date-Modified = {2016-02-12 11:23:36 +0000},
	Publisher = {Seattle: Pear Press},
	Title = {Brain rules: 12 principles for surviving and thriving at work, home, and school},
	Year = {2008}}
